@MastersThesis{khouri2013estudos,
  title={Estudos sobre um modelo estoc{\'a}stico para a evolu{\c{c}}{\~a}o de uma esp{\'e}cie},
  author={Khouri, Renata Stella},
  year={2013},
  school={Universidade de S{\~a}o Paulo}
}

@article{bak1993punctuated,
  title={Punctuated equilibrium and criticality in a simple model of evolution},
  author={Bak, Per and Sneppen, Kim},
  journal={Physical review letters},
  volume={71},
  number={24},
  pages={4083},
  year={1993},
  publisher={APS}
}

@article{guiol2009stochastic,
  title={A stochastic model of evolution},
  author={Guiol, Herv{\'e} and Machado, Fabio P and Schinazi, Rinaldo B},
  journal={arXiv preprint arXiv:0909.2108},
  year={2009}
}

@Electronic{domingues2019jupyter,
  Title                    = {Jupyter Notebook},
  Author                   = {Lucas Emanuel Resck Domingues},
  Url                      = {https://github.com/lucasresck/Modeling-Biological-Phenomena/blob/master/A2%20assignment/Implementation/Results.ipynb},
  Year                     = {2019},

  Urlaccessdate            = {27 nov. 2019}
}