@Electronic{Primer2018,
  Title                    = {Evolution},
  Author                   = {Justin Helps},
  Url                      = {https://www.youtube.com/playlist?list=PLKortajF2dPBWMIS6KF4RLtQiG6KQrTdB},
  Year                     = {2018},

  Urlaccessdate            = {29 set. 2019}
}

@Electronic{carykh2015,
  Title                    = {Evolution Simulators},
  Author                   = {Cary Huang},
  Url                      = {https://www.youtube.com/playlist?list=PLrUdxfaFpuuK0rj55Rhc187Tn9vvxck7t},
  Year                     = {2015},

  Urlaccessdate            = {29 set. 2019}
}

@Electronic{Lucas2019,
  Title                    = {GitHub Repository},
  Author                   = {Lucas Emanuel Resck Domingues},
  Url                      = {https://github.com/lucasresck/FGV-EMAp/tree/master/Modeling%20Biological%20Phenomena/A1%20assignment},
  Year                     = {2019},

  Urlaccessdate            = {30 set. 2019}
}